@article{history,
  author =       "บริษัทนี้ดี จำกัด ธีมn",
  title =        "ที่มาและความสำคัญของธุรกิจโรงแรม",
  year =         "2017",
  DOI =          "https://kamonchanok01.blogspot.com/p/blog-page.html",
}

@article{his,
  author =        "Marlene Woods",
  title =        "ความสำคัญของอุตสาหกรรมที่พักแรม",
  year =         "2022",
  DOI =          "https://hotel-convencion.com/hotel/%E0%B8%84%E0%B8%A7%E0%B8%B2%E0%B8%A1%E0%B8%AA%E0%B8%B3%E0%B8%84%E0%B8%B1%E0%B8%8D%E0%B8%82%E0%B8%AD%E0%B8%87%E0%B8%AD%E0%B8%B8%E0%B8%95%E0%B8%AA%E0%B8%B2%E0%B8%AB%E0%B8%81%E0%B8%A3%E0%B8%A3%E0%B8%A1/",
}

@article{price,
  author =        "บจ. เน็ตครีเอติค ดอทคอม",
  title =        "เทคนิคและตัวอย่างการตั้งราคาห้องพักโรงแรม",
  year =         "2024",
  DOI =          "https://www.roomscope.com/blog/detail/55",
}

